<record><leader>00000cas a22000007a 4500</leader><controlfield tag="001">37208564</controlfield><controlfield tag="008">970627d19241925okuwr n       0    0eng d</controlfield><datafield ind1=" " ind2=" " tag="010"><subfield code="a">sn 97064988 </subfield></datafield><datafield ind1=" " ind2=" " tag="040"><subfield code="a">OBN</subfield><subfield code="b">eng</subfield><subfield code="c">OBN</subfield><subfield code="d">OCLCQ</subfield><subfield code="d">OCLCF</subfield><subfield code="d">OCLCO</subfield></datafield><datafield ind1="1" ind2=" " tag="029"><subfield code="a">AU@</subfield><subfield code="b">000013335487</subfield></datafield><datafield ind1=" " ind2=" " tag="042"><subfield code="a">msc</subfield></datafield><datafield ind1=" " ind2=" " tag="043"><subfield code="a">n-us-ok</subfield></datafield><datafield ind1="0" ind2="4" tag="245"><subfield code="a">The Dewar news.</subfield></datafield><datafield ind1=" " ind2=" " tag="260"><subfield code="a">Dewar, Okmulgee County, Okla. :</subfield><subfield code="b">A.R. Garrett</subfield></datafield><datafield ind1=" " ind2=" " tag="300"><subfield code="a">v.</subfield></datafield><datafield ind1=" " ind2=" " tag="310"><subfield code="a">Weekly</subfield></datafield><datafield ind1="0" ind2=" " tag="362"><subfield code="a">Vol. 11, no. 3 (May 22, 1924)-</subfield></datafield><datafield ind1="1" ind2=" " tag="362"><subfield code="a">Ceased in 1925.</subfield></datafield><datafield ind1=" " ind2="0" tag="651"><subfield code="a">Okmulgee County (Okla.)</subfield><subfield code="v">Newspapers.</subfield></datafield><datafield ind1=" " ind2="4" tag="651"><subfield code="a">Dewar (Okla.)</subfield><subfield code="v">Newspapers.</subfield></datafield><datafield ind1=" " ind2="7" tag="655"><subfield code="a">Newspapers.</subfield><subfield code="2">fast</subfield><subfield code="0">(OCoLC)fst01423814</subfield></datafield><datafield ind1=" " ind2="7" tag="651"><subfield code="a">Oklahoma</subfield><subfield code="z">Okmulgee County.</subfield><subfield code="2">fast</subfield><subfield code="0">(OCoLC)fst01216111</subfield></datafield><datafield ind1=" " ind2=" " tag="752"><subfield code="a">United States</subfield><subfield code="b">Oklahoma</subfield><subfield code="c">Okmulgee</subfield><subfield code="d">Dewar.</subfield></datafield><datafield ind1="0" ind2="0" tag="780"><subfield code="t">Dewar telegram</subfield><subfield code="w">(DLC)sn 97064987</subfield><subfield code="w">(OCoLC)37208535</subfield></datafield><datafield ind1="0" ind2="0" tag="785"><subfield code="t">Henryetta news (Henryetta, Okla. : 1925)</subfield><subfield code="w">(DLC)sn 97064989</subfield><subfield code="w">(OCoLC)37208632</subfield></datafield></record>